@ARTICLE{Arnett.73,
   author = {{Arnett}, W.~D. and {Schramm}, D.~N.},
    title = "{Origin of Cosmic Rays, Atomic Nuclei, and Pulsars in Explosions of Massive Stars}",
  journal = {ApJL},
     year = 1973,
    month = sep,
   volume = 184,
    pages = {L47},
      doi = {10.1086/181286},
   adsurl = {http://adsabs.harvard.edu/abs/1973ApJ...184L..47A},
  adsnote = {Provided by the SAO/NASA Astrophysics Data System}
}
@ARTICLE{Burbidge.56,
   author = {{Burbidge}, G.~R.},
    title = "{On Synchrotron Radiation from Messier 87.}",
  journal = {ApJ},
     year = 1956,
    month = sep,
   volume = 124,
    pages = {416},
      doi = {10.1086/146237},
   adsurl = {http://adsabs.harvard.edu/abs/1956ApJ...124..416B},
  adsnote = {Provided by the SAO/NASA Astrophysics Data System}
}