@ARTICLE{Jacobs.11,
   author = {{Jacobs}, D.~C. and {Aguirre}, J.~E. and {Parsons}, A.~R. and 
	{Pober}, J.~C. and {Bradley}, R.~F. and {Carilli}, C.~L. and 
	{Gugliucci}, N.~E. and {Manley}, J.~R. and {van der Merwe}, C. and 
	{Moore}, D.~F. and {Parashare}, C.~R.},
    title = "{New 145 MHz Source Measurements by PAPER in the Southern Sky}",
  journal = {ApJL},
archivePrefix = "arXiv",
   eprint = {1105.1367},
 primaryClass = "astro-ph.CO",
 keywords = {catalogs, dark ages, reionization, first stars, instrumentation: interferometers},
     year = 2011,
    month = jun,
   volume = 734,
      eid = {L34},
    pages = {L34},
      doi = {10.1088/2041-8205/734/2/L34},
   adsurl = {http://adsabs.harvard.edu/abs/2011ApJ...734L..34J},
  adsnote = {Provided by the SAO/NASA Astrophysics Data System}
}
@ARTICLE{Large.81,
   author = {{Large}, M.~I. and {Mills}, B.~Y. and {Little}, A.~G. and {Crawford}, D.~F. and 
	{Sutton}, J.~M.},
    title = "{The Molonglo Reference Catalogue of Radio Sources}",
  journal = {MNRAS},
     year = 1981,
    month = feb,
   volume = 194,
    pages = {693},
   adsurl = {http://cdsads.u-strasbg.fr/abs/1981MNRAS.194..693L},
  adsnote = {Provided by the SAO/NASA Astrophysics Data System}
}
@ARTICLE{Parsons.12,
   author = {{Parsons}, A. and {Pober}, J. and {McQuinn}, M. and {Jacobs}, D. and 
	{Aguirre}, J.},
    title = "{A Sensitivity and Array-configuration Study for Measuring the Power Spectrum of 21 cm Emission from Reionization}",
  journal = {ApJ},
archivePrefix = "arXiv",
   eprint = {1103.2135},
 primaryClass = "astro-ph.IM",
 keywords = {cosmology: observations, instrumentation: interferometers, methods: observational, techniques: interferometric, telescopes},
     year = 2012,
    month = jul,
   volume = 753,
      eid = {81},
    pages = {81},
      doi = {10.1088/0004-637X/753/1/81},
   adsurl = {http://adsabs.harvard.edu/abs/2012ApJ...753...81P},
  adsnote = {Provided by the SAO/NASA Astrophysics Data System}
}
@ARTICLE{Parsons.10,
   author = {{Parsons}, A.~R. and {Backer}, D.~C. and {Foster}, G.~S. and 
	{Wright}, M.~C.~H. and {Bradley}, R.~F. and {Gugliucci}, N.~E. and 
	{Parashare}, C.~R. and {Benoit}, E.~E. and {Aguirre}, J.~E. and 
	{Jacobs}, D.~C. and {Carilli}, C.~L. and {Herne}, D. and {Lynch}, M.~J. and 
	{Manley}, J.~R. and {Werthimer}, D.~J.},
    title = "{The Precision Array for Probing the Epoch of Re-ionization: Eight Station Results}",
  journal = {AJ},
archivePrefix = "arXiv",
   eprint = {0904.2334},
 primaryClass = "astro-ph.CO",
 keywords = {cosmology: observations, instrumentation: interferometers, radio continuum: general, techniques: interferometric, site testing, telescopes},
     year = 2010,
    month = apr,
   volume = 139,
    pages = {1468-1480},
      doi = {10.1088/0004-6256/139/4/1468},
   adsurl = {http://adsabs.harvard.edu/abs/2010AJ....139.1468P},
  adsnote = {Provided by the SAO/NASA Astrophysics Data System}
}

@MISC{PyBDSM.15,
author = {{Mohan}, Niruj and {Rafferty}, David},
title = "{PyBDSM: Python Blob Detection and Source Measurement}",
howpublished = {Astrophysics Source Code Library},
year = 2015,
month = feb,
archivePrefix = "ascl",
eprint = {1502.007},
adsurl = {http://adsabs.harvard.edu/abs/2015ascl.soft02007M},
adsnote = {Provided by the SAO/NASA Astrophysics Data System}
}

@ARTICLE{Stefan.13,
   author = {{Stefan}, I.~I. and {Carilli}, C.~L. and {Green}, D.~A. and 
	{Ali}, Z. and {Aguirre}, J.~E. and {Bradley}, R.~F. and {DeBoer}, D. and 
	{Dexter}, M. and {Gugliucci}, N.~E. and {Harris}, D.~E. and 
	{Jacobs}, D.~C. and {Klima}, P. and {MacMahon}, D. and {Manley}, J. and 
	{Moore}, D.~F. and {Parsons}, A.~R. and {Pober}, J.~C. and {Walbrugh}, W.~P.
	},
    title = "{Imaging on PAPER: Centaurus A at 148 MHz}",
  journal = {MNRAS},
archivePrefix = "arXiv",
   eprint = {1212.1624},
 primaryClass = "astro-ph.CO",
 keywords = {instrumentation: interferometers, galaxies: active, galaxies: individual: Centaurus A, galaxies: structure, X-rays: galaxies},
     year = 2013,
    month = jun,
   volume = 432,
    pages = {1285-1293},
      doi = {10.1093/mnras/stt548},
   adsurl = {http://adsabs.harvard.edu/abs/2013MNRAS.432.1285S},
  adsnote = {Provided by the SAO/NASA Astrophysics Data System}
}

@ARTICLE{Ali.15,
   author = {{Ali}, Z.~S. and {Parsons}, A.~R. and {Zheng}, H. and {Pober}, J.~C. and 
	{Liu}, A. and {Aguirre}, J.~E. and {Bradley}, R.~F. and {Bernardi}, G. and 
	{Carilli}, C.~L. and {Cheng}, C. and {DeBoer}, D.~R. and {Dexter}, M.~R. and 
	{Grobbelaar}, J. and {Horrell}, J. and {Jacobs}, D.~C. and {Klima}, P. and 
	{MacMahon}, D.~H.~E. and {Maree}, M. and {Moore}, D.~F. and 
	{Razavi}, N. and {Stefan}, I.~I. and {Walbrugh}, W.~P. and {Walker}, A.
	},
    title = "{PAPER-64 Constraints on Reionization: The 21cm Power Spectrum at z=8.4}",
  journal = {ArXiv e-prints},
archivePrefix = "arXiv",
   eprint = {1502.06016},
 keywords = {Astrophysics - Cosmology and Nongalactic Astrophysics},
     year = 2015,
    month = feb,
   adsurl = {http://adsabs.harvard.edu/abs/2015arXiv150206016A},
  adsnote = {Provided by the SAO/NASA Astrophysics Data System}
}
@ARTICLE{Moore.15,
   author = {{Moore}, D. and {Aguirre}, J.~E. and {Parsons}, A. and {Ali}, Z. and 
	{Bradley}, R. and {Carilli}, C. and {DeBoer}, D. and {Dexter}, M. and 
	{Gugliucci}, N. and {Jacobs}, D. and {Klima}, P. and {Liu}, A. and 
	{MacMahon}, D. and {Manley}, J. and {Pober}, J. and {Stefan}, I. and 
	{Walbrugh}, W.},
    title = "{New Limits on Polarized Power Spectra at 126 and 164 MHz: Relevance to Epoch of Reionization Measurements}",
  journal = {ArXiv e-prints},
archivePrefix = "arXiv",
   eprint = {1502.05072},
 keywords = {Astrophysics - Cosmology and Nongalactic Astrophysics, Astrophysics - Instrumentation and Methods for Astrophysics},
     year = 2015,
    month = feb,
   adsurl = {http://adsabs.harvard.edu/abs/2015arXiv150205072M},
  adsnote = {Provided by the SAO/NASA Astrophysics Data System}
}
@ARTICLE{Jacobs.14,
   author = {{Jacobs}, D.~C. and {Pober}, J.~C. and {Parsons}, A.~R. and 
	{Aguirre}, J.~E. and {Ali}, Z. and {Bowman}, J. and {Bradley}, R.~F. and 
	{Carilli}, C.~L. and {DeBoer}, D.~R. and {Dexter}, M.~R. and 
	{Gugliucci}, N.~E. and {Klima}, P. and {Liu}, A. and {MacMahon}, D.~H.~E. and 
	{Manley}, J.~R. and {Moore}, D.~F. and {Stefan}, I.~I. and {Walbrugh}, W.~P.
	},
    title = "{Multi-redshift limits on the 21cm power spectrum from PAPER}",
  journal = {ArXiv e-prints},
archivePrefix = "arXiv",
   eprint = {1408.3389},
 keywords = {Astrophysics - Cosmology and Nongalactic Astrophysics, Astrophysics - Instrumentation and Methods for Astrophysics},
     year = 2014,
    month = aug,
   adsurl = {http://adsabs.harvard.edu/abs/2014arXiv1408.3389J},
  adsnote = {Provided by the SAO/NASA Astrophysics Data System}
}
@ARTICLE{Parsons.14,
   author = {{Parsons}, A.~R. and {Liu}, A. and {Aguirre}, J.~E. and {Ali}, Z.~S. and 
	{Bradley}, R.~F. and {Carilli}, C.~L. and {DeBoer}, D.~R. and 
	{Dexter}, M.~R. and {Gugliucci}, N.~E. and {Jacobs}, D.~C. and 
	{Klima}, P. and {MacMahon}, D.~H.~E. and {Manley}, J.~R. and 
	{Moore}, D.~F. and {Pober}, J.~C. and {Stefan}, I.~I. and {Walbrugh}, W.~P.
	},
    title = "{New Limits on 21 cm Epoch of Reionization from PAPER-32 Consistent with an X-Ray Heated Intergalactic Medium at z = 7.7}",
  journal = {ApJ},
archivePrefix = "arXiv",
   eprint = {1304.4991},
 keywords = {cosmology: observations, dark ages, reionization, first stars, early universe, instrumentation: interferometers, intergalactic medium, radio continuum: general},
     year = 2014,
    month = jun,
   volume = 788,
      eid = {106},
    pages = {106},
      doi = {10.1088/0004-637X/788/2/106},
   adsurl = {http://adsabs.harvard.edu/abs/2014ApJ...788..106P},
  adsnote = {Provided by the SAO/NASA Astrophysics Data System}
}
@ARTICLE{Whiteoak.96,
   author = {{Whiteoak}, J.~B.~Z. and {Green}, A.~J.},
    title = "{The MOST supernova remnant catalogue (MSC).}",
  journal = {A\&As},
 keywords = {ISM: SUPERNOVA REMNANTS, RADIO CONTINUUM: ISM, ATLASES, CATALOGUES, SURVEYS},
     year = 1996,
    month = aug,
   volume = 118,
    pages = {329-380},
   adsurl = {http://adsabs.harvard.edu/abs/1996A%26AS..118..329W},
  adsnote = {Provided by the SAO/NASA Astrophysics Data System}
}
@ARTICLE{Murphy.07,
   author = {{Murphy}, T. and {Mauch}, T. and {Green}, A. and {Hunstead}, R.~W. and 
	{Piestrzynska}, B. and {Kels}, A.~P. and {Sztajer}, P.},
    title = "{The second epoch Molonglo Galactic Plane Survey: compact source catalogue}",
  journal = {MNRAS},
archivePrefix = "arXiv",
   eprint = {0708.3092},
 keywords = {methods: data analysis, catalogues, surveys, Galaxy: general, radio continuum: ISM},
     year = 2007,
    month = nov,
   volume = 382,
    pages = {382-392},
      doi = {10.1111/j.1365-2966.2007.12379.x},
   adsurl = {http://adsabs.harvard.edu/abs/2007MNRAS.382..382M},
  adsnote = {Provided by the SAO/NASA Astrophysics Data System}
}
@ARTICLE{Gao_v.11,
   author = {{Gao}, X.~Y. and {Han}, J.~L. and {Reich}, W. and {Reich}, P. and 
	{Sun}, X.~H. and {Xiao}, L.},
    title = "{A Sino-German {$\lambda$}6 cm polarization survey of the Galactic plane. V. Large supernova remnants}",
  journal = {A\&A},
archivePrefix = "arXiv",
   eprint = {1102.4503},
 primaryClass = "astro-ph.GA",
 keywords = {ISM: supernova remnants, radio continuum: ISM, polarization, techniques: polarimetric},
     year = 2011,
    month = may,
   volume = 529,
      eid = {A159},
    pages = {A159},
      doi = {10.1051/0004-6361/201016311},
   adsurl = {http://adsabs.harvard.edu/abs/2011A%26A...529A.159G},
  adsnote = {Provided by the SAO/NASA Astrophysics Data System}
}
@ARTICLE{Gao_vi.11,
   author = {{Gao}, X.~Y. and {Sun}, X.~H. and {Han}, J.~L. and {Reich}, W. and 
	{Reich}, P. and {Wielebinski}, R.},
    title = "{A Sino-German {$\lambda$}6 cm polarization survey of the Galactic plane. VI. Discovery of supernova remnants G178.2-4.2 and G25.1-2.3}",
  journal = {A\&A},
archivePrefix = "arXiv",
   eprint = {1107.0564},
 primaryClass = "astro-ph.GA",
 keywords = {ISM: supernova remnants, ISM: individual objects: G178.2-4.2, ISM: individual objects: G25.1-2.3, radio continuum: ISM},
     year = 2011,
    month = aug,
   volume = 532,
      eid = {A144},
    pages = {A144},
      doi = {10.1051/0004-6361/201117179},
   adsurl = {http://adsabs.harvard.edu/abs/2011A%26A...532A.144G},
  adsnote = {Provided by the SAO/NASA Astrophysics Data System}
}
@ARTICLE{Rho.98,
   author = {{Rho}, J. and {Petre}, R.},
    title = "{Mixed-Morphology Supernova Remnants}",
  journal = {ApJL},
 keywords = {ISM: GENERAL, ISM: CLOUDS, SHOCK WAVES, ISM: SUPERNOVA REMNANTS, X-RAYS: ISM, ISM: Clouds, ISM: General, Shock Waves, ISM: Supernova Remnants, X-Rays: ISM},
     year = 1998,
    month = aug,
   volume = 503,
    pages = {L167-L170},
      doi = {10.1086/311538},
   adsurl = {http://adsabs.harvard.edu/abs/1998ApJ...503L.167R},
  adsnote = {Provided by the SAO/NASA Astrophysics Data System}
}

@ARTICLE{Weiler_pol.78,
   author = {{Weiler}, K.~W. and {Shaver}, P.~A.},
    title = "{Total Intensity and Polarization Structure of the Supernova Remnant G 74.9 + 1.2 at XX6,21, and 49 Centimeters}",
  journal = {A\&A},
     year = 1978,
    month = nov,
   volume = 70,
    pages = {389},
   adsurl = {http://adsabs.harvard.edu/abs/1978A%26A....70..389W},
  adsnote = {Provided by the SAO/NASA Astrophysics Data System}
}
@ARTICLE{Weiler_crab.78,
   author = {{Weiler}, K.~W. and {Panagia}, N.},
    title = "{Are Crab-type Supernova Remnants (Plerions) Short-lived?}",
  journal = {A\&A},
     year = 1978,
    month = nov,
   volume = 70,
    pages = {419},
   adsurl = {http://adsabs.harvard.edu/abs/1978A%26A....70..419W},
  adsnote = {Provided by the SAO/NASA Astrophysics Data System}
}
@ARTICLE{Paladini.03,
   author = {{Paladini}, R. and {Burigana}, C. and {Davies}, R.~D. and {Maino}, D. and 
	{Bersanelli}, M. and {Cappellini}, B. and {Platania}, P. and 
	{Smoot}, G.},
    title = "{A radio catalog of Galactic HII regions for applications from decimeter to millimeter wavelengths}",
  journal = {A\&A},
   eprint = {astro-ph/0210226},
 keywords = {HII regions, catalogs, cosmic microwave background},
     year = 2003,
    month = jan,
   volume = 397,
    pages = {213-226},
      doi = {10.1051/0004-6361:20021466},
   adsurl = {http://adsabs.harvard.edu/abs/2003A%26A...397..213P},
  adsnote = {Provided by the SAO/NASA Astrophysics Data System}
}
@ARTICLE{DAGreen.14,
   author = {{Green}, D.~A.},
    title = "{A catalogue of 294 Galactic supernova remnants}",
  journal = {Bulletin of the Astronomical Society of India},
archivePrefix = "arXiv",
   eprint = {1409.0637},
 primaryClass = "astro-ph.HE",
 keywords = {supernova remnants, catalogues, radio continuum: ISM, ISM: general},
     year = 2014,
    month = jun,
   volume = 42,
    pages = {47-58},
   adsurl = {http://adsabs.harvard.edu/abs/2014BASI...42...47G},
  adsnote = {Provided by the SAO/NASA Astrophysics Data System}
}

@ARTICLE{Egan.03,
   author = {{Egan}, M.~P. and {Price}, S.~D. and {Kraemer}, K.~E. and {Mizuno}, D.~R. and 
	{Carey}, S.~J. and {Wright}, C.~O. and {Engelke}, C.~W. and 
	{Cohen}, M. and {Gugliotti}, M.~G.},
    title = "{VizieR Online Data Catalog: MSX6C Infrared Point Source Catalog. The Midcourse Space Experiment Point Source Catalog Version 2.3 (October 2003)}",
  journal = {VizieR Online Data Catalog},
 keywords = {Infrared sources, Photometry: infrared, Surveys},
     year = 2003,
   volume = 5114,
    pages = {0},
   adsurl = {http://adsabs.harvard.edu/abs/2003yCat.5114....0E},
  adsnote = {Provided by the SAO/NASA Astrophysics Data System}
}
@ARTICLE{Foster.06,
   author = {{Foster}, T. and {Kothes}, R. and {Sun}, X.~H. and {Reich}, W. and 
	{Han}, J.~L.},
    title = "{10$^{51}$ erg less: the Galactic H II region OA 184}",
  journal = {A\&A},
 keywords = {polarization, ISM: supernova remnants, H II regions},
     year = 2006,
    month = aug,
   volume = 454,
    pages = {517-526},
      doi = {10.1051/0004-6361:20064881},
   adsurl = {http://adsabs.harvard.edu/abs/2006A%26A...454..517F},
  adsnote = {Provided by the SAO/NASA Astrophysics Data System}
}
@ARTICLE{Green.91,
   author = {{Green}, D.~A.},
    title = "{Limitations imposed on statistical studies of Galactic supernova remnants by observational selection effects}",
  journal = {PASP},
 keywords = {Milky Way Galaxy, Statistical Analysis, Supernova Remnants, Brightness Distribution, Galactic Structure, Star Distribution, Stellar Luminosity},
     year = 1991,
    month = feb,
   volume = 103,
    pages = {209-220},
      doi = {10.1086/132810},
   adsurl = {http://adsabs.harvard.edu/abs/1991PASP..103..209G},
  adsnote = {Provided by the SAO/NASA Astrophysics Data System}
}

@ARTICLE{Stupar_single.11,
   author = {{Stupar}, M. and {Parker}, Q.~A. and {Filipovi{\'c}}, M.~D.},
    title = "{The putative nebula of the Wolf-Rayet WR 60 star: a case of mistaken identity and reclassification as a new supernova remnant G310.5+0.8}",
  journal = {\apss},
archivePrefix = "arXiv",
   eprint = {1002.3426},
 primaryClass = "astro-ph.GA",
 keywords = {Stars: individual: WR 60, HD 121194, Stars: Wolf Rayet, ISM: individual: G310.5+0.8, ISM: supernova remnants (SNR)},
     year = 2011,
    month = apr,
   volume = 332,
    pages = {241-248},
      doi = {10.1007/s10509-010-0544-2},
   adsurl = {http://adsabs.harvard.edu/abs/2011Ap%26SS.332..241S},
  adsnote = {Provided by the SAO/NASA Astrophysics Data System}
}

@ARTICLE{Stupar_cat.11,
   author = {{Stupar}, M. and {Parker}, Q.~A.},
    title = "{Catalogue of known Galactic SNRs uncovered in H{$\alpha$} light}",
  journal = {MNRAS},
 keywords = {catalogues, surveys, ISM: supernova remnants},
     year = 2011,
    month = jul,
   volume = 414,
    pages = {2282-2296},
      doi = {10.1111/j.1365-2966.2011.18547.x},
   adsurl = {http://adsabs.harvard.edu/abs/2011MNRAS.414.2282S},
  adsnote = {Provided by the SAO/NASA Astrophysics Data System}
}

@INPROCEEDINGS{Bandiera.01,
   author = {{Bandiera}, R.},
    title = "{Supernova remnants: A review}",
booktitle = {Frontier Objects in Astrophysics and Particle Physics},
     year = 2001,
   editor = {{Giovannelli}, F. and {Mannocchi}, G.},
    pages = {225},
   adsurl = {http://adsabs.harvard.edu/abs/2001foap.conf..225B},
  adsnote = {Provided by the SAO/NASA Astrophysics Data System}
}
@ARTICLE{Andrews.85,
   author = {{Andrews}, M.~D. and {Basart}, J.~P. and {Lamb}, R.~C.},
    title = "{Observations of the radio source G6.6-0.1 positionally coincident with the W28 SNR}",
  journal = {AJ},
 keywords = {H Alpha Line, Radio Sources (Astronomy), Supernova Remnants, Astronomical Maps, Continuous Spectra, Hydrogen Clouds, Thermal Emission},
     year = 1985,
    month = feb,
   volume = 90,
    pages = {310-314},
      doi = {10.1086/113732},
   adsurl = {http://adsabs.harvard.edu/abs/1985AJ.....90..310A},
  adsnote = {Provided by the SAO/NASA Astrophysics Data System}
}

@ARTICLE{Pavlovic.13,
   author = {{Pavlovi{\'c}}, M.~Z. and {Uro{\v s}evi{\'c}}, D. and {Vukoti{\'c}}, B. and 
	{Arbutina}, B. and {G{\"o}ker}, {\"U}.~D.},
    title = "{The Radio Surface-brightness-to-Diameter Relation for Galactic Supernova Remnants: Sample Selection and Robust Analysis with Various Fitting Offsets}",
  journal = {ApJS},
archivePrefix = "arXiv",
   eprint = {1210.4602},
 primaryClass = "astro-ph.GA",
 keywords = {ISM: supernova remnants, methods: analytical, methods: statistical, radio continuum: ISM },
     year = 2013,
    month = jan,
   volume = 204,
      eid = {4},
    pages = {4},
      doi = {10.1088/0067-0049/204/1/4},
   adsurl = {http://adsabs.harvard.edu/abs/2013ApJS..204....4P},
  adsnote = {Provided by the SAO/NASA Astrophysics Data System}
}

@ARTICLE{Li.91,
   author = {{Li}, Z. and {Wheeler}, J.~C. and {Bash}, F.~N. and {Jefferys}, W.~H.
	},
    title = "{A statistical study of the correlation of Galactic supernova remnants and spiral arms}",
  journal = {ApJ},
 keywords = {Computational Astrophysics, Galactic Structure, H Ii Regions, Milky Way Galaxy, Statistical Correlation, Supernova Remnants, Monte Carlo Method, Star Distribution},
     year = 1991,
    month = sep,
   volume = 378,
    pages = {93-105},
      doi = {10.1086/170409},
   adsurl = {http://adsabs.harvard.edu/abs/1991ApJ...378...93L},
  adsnote = {Provided by the SAO/NASA Astrophysics Data System}
}

@ARTICLE{Brogan.06,
   author = {{Brogan}, C.~L. and {Gelfand}, J.~D. and {Gaensler}, B.~M. and 
	{Kassim}, N.~E. and {Lazio}, T.~J.~W.},
    title = "{Discovery of 35 New Supernova Remnants in the Inner Galaxy}",
  journal = {ApJL},
   eprint = {astro-ph/0601451},
 keywords = {Radio Continuum: ISM, ISM: Supernova Remnants, Surveys},
     year = 2006,
    month = mar,
   volume = 639,
    pages = {L25-L29},
      doi = {10.1086/501500},
   adsurl = {http://adsabs.harvard.edu/abs/2006ApJ...639L..25B},
  adsnote = {Provided by the SAO/NASA Astrophysics Data System}
}


@ARTICLE{Arnett.73,
   author = {{Arnett}, W.~D. and {Schramm}, D.~N.},
    title = "{Origin of Cosmic Rays, Atomic Nuclei, and Pulsars in Explosions of Massive Stars}",
  journal = {ApJL},
     year = 1973,
    month = sep,
   volume = 184,
    pages = {L47},
      doi = {10.1086/181286},
   adsurl = {http://adsabs.harvard.edu/abs/1973ApJ...184L..47A},
  adsnote = {Provided by the SAO/NASA Astrophysics Data System}
}
@ARTICLE{Burbidge.56,
   author = {{Burbidge}, G.~R.},
    title = "{On Synchrotron Radiation from Messier 87.}",
  journal = {ApJ},
     year = 1956,
    month = sep,
   volume = 124,
    pages = {416},
      doi = {10.1086/146237},
   adsurl = {http://adsabs.harvard.edu/abs/1956ApJ...124..416B},
  adsnote = {Provided by the SAO/NASA Astrophysics Data System}
}